% Encoding: UTF-8


@BOOK{shapiroTeukolsky:83,
   author = {{Shapiro}, S.~L. and {Teukolsky}, S.~A.},
    title = "{Black holes, white dwarfs, and neutron stars: The physics of compact objects}",
     year = 1983,
   adsurl = {http://adsabs.harvard.edu/abs/1983bhwd.book.....S},
  adsnote = {Provided by the SAO/NASA Astrophysics Data System}
}





@ARTICLE{antoniadis:13,
   author = {{Antoniadis}, J. and {Freire}, P.~C.~C. and {Wex}, N. and {Tauris}, T.~M. and 
	{Lynch}, R.~S. and {van Kerkwijk}, M.~H. and {Kramer}, M. and 
	{Bassa}, C. and {Dhillon}, V.~S. and {Driebe}, T. and {Hessels}, J.~W.~T. and 
	{Kaspi}, V.~M. and {Kondratiev}, V.~I. and {Langer}, N. and 
	{Marsh}, T.~R. and {McLaughlin}, M.~A. and {Pennucci}, T.~T. and 
	{Ransom}, S.~M. and {Stairs}, I.~H. and {van Leeuwen}, J. and 
	{Verbiest}, J.~P.~W. and {Whelan}, D.~G.},
    title = "{A Massive Pulsar in a Compact Relativistic Binary}",
  journal = {Science},
archivePrefix = "arXiv",
   eprint = {1304.6875},
 primaryClass = "astro-ph.HE",
     year = 2013,
    month = apr,
   volume = 340,
    pages = {448},
      doi = {10.1126/science.1233232},
   adsurl = {http://adsabs.harvard.edu/abs/2013Sci...340..448A},
}




@ARTICLE{boutloukos:07,
   author = {{Boutloukos}, S. and {Nollert}, H.-P.},
    title = "{Eigenmode frequency distribution of rapidly rotating neutron stars}",
  journal = {\prd},
   eprint = {gr-qc/0605044},
 keywords = {Neutron stars, Post-Newtonian approximation, perturbation theory, related approximations, Relativistic stars: structure stability and oscillations, Pulsations oscillations and stellar seismology},
     year = 2007,
    month = feb,
   volume = 75,
   number = 4,
      eid = {043007},
    pages = {043007},
      doi = {10.1103/PhysRevD.75.043007},
   adsurl = {http://adsabs.harvard.edu/abs/2007PhRvD..75d3007B},
}

@ARTICLE{faucher:06,
   author = {{Faucher-Gigu{\`e}re}, C.-A. and {Kaspi}, V.~M.},
    title = "{Birth and Evolution of Isolated Radio Pulsars}",
  journal = {\apj},
   eprint = {astro-ph/0512585},
 keywords = {Galaxy: Structure, Methods: Statistical, Stars: Pulsars: General, Stars: Kinematics, Stars: Neutron},
     year = 2006,
    month = may,
   volume = 643,
    pages = {332-355},
      doi = {10.1086/501516},
   adsurl = {http://adsabs.harvard.edu/abs/2006ApJ...643..332F},
  adsnote = {Provided by the SAO/NASA Astrophysics Data System}
}

@ARTICLE{ferrari:03,
   author = {{Ferrari}, V. and {Miniutti}, G. and {Pons}, J.~A.},
    title = "{Gravitational waves from newly born, hot neutron stars}",
  journal = {\mnras},
   eprint = {astro-ph/0210581},
 keywords = {gravitational waves, stars: neutron, stars: oscillations},
     year = 2003,
    month = jun,
   volume = 342,
    pages = {629-638},
      doi = {10.1046/j.1365-8711.2003.06580.x},
   adsurl = {http://adsabs.harvard.edu/abs/2003MNRAS.342..629F},
  adsnote = {Provided by the SAO/NASA Astrophysics Data System}
}

@ARTICLE{ferrari:04,
   author = {{Ferrari}, V. and {Gualtieri}, L. and {Pons}, J.~A. and {Stavridis}, A.
	},
    title = "{Rotational effects on the oscillation frequencies of newly born proto-neutron stars}",
  journal = {\mnras},
   eprint = {astro-ph/0310896},
 keywords = {gravitational waves, relativity, methods: numerical, stars: neutron, stars: oscillations, stars: rotation},
     year = 2004,
    month = may,
   volume = 350,
    pages = {763-768},
      doi = {10.1111/j.1365-2966.2004.07698.x},
   adsurl = {http://adsabs.harvard.edu/abs/2004MNRAS.350..763F},
  adsnote = {Provided by the SAO/NASA Astrophysics Data System}
}

@ARTICLE{gaertig:09,
   author = {{Gaertig}, E. and {Kokkotas}, K.~D.},
    title = "{Relativistic g-modes in rapidly rotating neutron stars}",
  journal = {\prd},
archivePrefix = "arXiv",
   eprint = {0905.0821},
 primaryClass = "astro-ph.SR",
 keywords = {Wave generation and sources, Relativistic stars: structure, stability, and oscillations, Relativity and gravitation, Pulsations, oscillations, and stellar seismology, Wave generation and sources, Relativistic stars: structure stability and oscillations, Relativity and gravitation, Pulsations oscillations and stellar seismology},
     year = 2009,
    month = sep,
   volume = 80,
   number = 6,
      eid = {064026},
    pages = {064026},
      doi = {10.1103/PhysRevD.80.064026},
   adsurl = {http://adsabs.harvard.edu/abs/2009PhRvD..80f4026G},
}

@ARTICLE{gotthelf:13,
   author = {{Gotthelf}, E.~V. and {Halpern}, J.~P. and {Alford}, J.},
    title = "{The Spin-down of PSR J0821-4300 and PSR J1210-5226: Confirmation of Central Compact Objects as Anti-magnetars}",
  journal = {\apj},
archivePrefix = "arXiv",
   eprint = {1301.2717},
 primaryClass = "astro-ph.HE",
 keywords = {ISM: individual objects: Puppis A, pulsars: individual: PSR J0821{\ndash}4300 PSR J1210{\ndash}5226 PSR J1852+0040, stars: neutron},
     year = 2013,
    month = mar,
   volume = 765,
      eid = {58},
    pages = {58},
      doi = {10.1088/0004-637X/765/1/58},
   adsurl = {http://adsabs.harvard.edu/abs/2013ApJ...765...58G},
  adsnote = {Provided by the SAO/NASA Astrophysics Data System}
}

@ARTICLE{gullon:14,
   author = {{Gull{\'o}n}, M. and {Miralles}, J.~A. and {Vigan{\`o}}, D. and 
	{Pons}, J.~A.},
    title = "{Population synthesis of isolated neutron stars with magneto-rotational evolution}",
  journal = {\mnras},
archivePrefix = "arXiv",
   eprint = {1406.6794},
 primaryClass = "astro-ph.HE",
 keywords = {stars: magnetic field, stars: neutron, pulsars: general},
     year = 2014,
    month = sep,
   volume = 443,
    pages = {1891-1899},
      doi = {10.1093/mnras/stu1253},
   adsurl = {http://adsabs.harvard.edu/abs/2014MNRAS.443.1891G},
  adsnote = {Provided by the SAO/NASA Astrophysics Data System}
}

@INPROCEEDINGS{kaspi:02,
   author = {{Kaspi}, V.~M. and {Helfand}, D.~J.},
    title = "{Constraining the Birth Events of Neutron Stars}",
booktitle = {Neutron Stars in Supernova Remnants},
     year = 2002,
   series = {Astronomical Society of the Pacific Conference Series},
   volume = 271,
   eprint = {astro-ph/0201183},
   editor = {{Slane}, P.~O. and {Gaensler}, B.~M.},
    pages = {3},
   adsurl = {http://adsabs.harvard.edu/abs/2002ASPC..271....3K},
  adsnote = {Provided by the SAO/NASA Astrophysics Data System}
}

@ARTICLE{lai:96,
   author = {{Lai}, D.},
    title = "{Orbital Decay of the PSR J0045-7319 Binary System: Age of Radio Pulsar and Initial Spin of Neutron Star}",
  journal = {\apjl},
   eprint = {astro-ph/9605096},
 keywords = {STARS: BINARIES: CLOSE, STARS: PULSARS: INDIVIDUAL ALPHANUMERIC: PSR J0045-7319, STARS: NEUTRON, STARS: OSCILLATIONS, STARS: ROTATION, STARS: SUPERNOVAE: GENERAL},
     year = 1996,
    month = jul,
   volume = 466,
    pages = {L35},
      doi = {10.1086/310166},
   adsurl = {http://adsabs.harvard.edu/abs/1996ApJ...466L..35L},
  adsnote = {Provided by the SAO/NASA Astrophysics Data System}
}

@ARTICLE{lockitch:01,
   author = {{Lockitch}, K.~H. and {Andersson}, N. and {Friedman}, J.~L.},
    title = "{Rotational modes of relativistic stars: Analytic results}",
  journal = {\prd},
   eprint = {gr-qc/0008019},
 keywords = {Relativistic stars: structure stability and oscillations, Relativity and gravitation, Neutron stars, Pulsations oscillations and stellar seismology},
     year = 2001,
    month = jan,
   volume = 63,
   number = 2,
      eid = {024019},
    pages = {024019},
      doi = {10.1103/PhysRevD.63.024019},
   adsurl = {http://adsabs.harvard.edu/abs/2001PhRvD..63b4019L},
}

@ARTICLE{lockitch:03,
   author = {{Lockitch}, K.~H. and {Friedman}, J.~L. and {Andersson}, N.},
    title = "{Rotational modes of relativistic stars: Numerical results}",
  journal = {\prd},
   eprint = {gr-qc/0210102},
 keywords = {Relativistic stars: structure stability and oscillations, Gravitational waves: theory, Neutron stars},
     year = 2003,
    month = dec,
   volume = 68,
   number = 12,
      eid = {124010},
    pages = {124010},
      doi = {10.1103/PhysRevD.68.124010},
   adsurl = {http://adsabs.harvard.edu/abs/2003PhRvD..68l4010L},
}

@ARTICLE{marshall:98,
   author = {{Marshall}, F.~E. and {Gotthelf}, E.~V. and {Zhang}, W. and 
	{Middleditch}, J. and {Wang}, Q.~D.},
    title = "{Discovery of an Ultrafast X-Ray Pulsar in the Supernova Remnant N157B}",
  journal = {\apjl},
   eprint = {astro-ph/9803214},
 keywords = {STARS: PULSARS: GENERAL, X-RAYS: GENERAL, ISM: SUPERNOVA REMNANTS, STARS: PULSARS: INDIVIDUAL ALPHANUMERIC: PSR J0537-, 910, Stars: Pulsars: General, Stars: Pulsars: Individual: Alphanumeric: PSR J0537-6910, ISM: Supernova Remnants, X-Rays: General},
     year = 1998,
    month = jun,
   volume = 499,
    pages = {L179-L182},
      doi = {10.1086/311381},
   adsurl = {http://adsabs.harvard.edu/abs/1998ApJ...499L.179M},
  adsnote = {Provided by the SAO/NASA Astrophysics Data System}
}

@ARTICLE{popov:10,
   author = {{Popov}, S.~B. and {Pons}, J.~A. and {Miralles}, J.~A. and {Boldin}, P.~A. and 
	{Posselt}, B.},
    title = "{Population synthesis studies of isolated neutron stars with magnetic field decay}",
  journal = {\mnras},
archivePrefix = "arXiv",
   eprint = {0910.2190},
 primaryClass = "astro-ph.HE",
 keywords = {stars: neutron, pulsars: general},
     year = 2010,
    month = feb,
   volume = 401,
    pages = {2675-2686},
      doi = {10.1111/j.1365-2966.2009.15850.x},
   adsurl = {http://adsabs.harvard.edu/abs/2010MNRAS.401.2675P},
  adsnote = {Provided by the SAO/NASA Astrophysics Data System}
}

@ARTICLE{yakovlev:04,
   author = {{Yakovlev}, D.~G. and {Pethick}, C.~J.},
    title = "{Neutron Star Cooling}",
  journal = {\araa},
   eprint = {astro-ph/0402143},
     year = 2004,
    month = sep,
   volume = 42,
    pages = {169-210},
      doi = {10.1146/annurev.astro.42.053102.134013},
   adsurl = {http://adsabs.harvard.edu/abs/2004ARA%26A..42..169Y},
  adsnote = {Provided by the SAO/NASA Astrophysics Data System}
}


@ARTICLE{page:06,
   author = {{Page}, D. and {Geppert}, U. and {Weber}, F.},
    title = "{The cooling of compact stars}",
  journal = {Nuclear Physics A},
   eprint = {astro-ph/0508056},
 keywords = {Stellar structure interiors evolution nucleosynthesis ages, Neutron stars, Nuclear matter aspects of neutron stars, Quark-gluon plasma},
     year = 2006,
    month = oct,
   volume = 777,
    pages = {497-530},
      doi = {10.1016/j.nuclphysa.2005.09.019},
   adsurl = {http://adsabs.harvard.edu/abs/2006NuPhA.777..497P},
  adsnote = {Provided by the SAO/NASA Astrophysics Data System}
}

@Article{igoshev:13,
  author        = {{Igoshev}, A.~P. and {Popov}, S.~B.},
  title         = {{Neutron star's initial spin period distribution}},
  journal       = {\mnras},
  year          = {2013},
  volume        = {432},
  pages         = {967-972},
  month         = jun,
  adsnote       = {Provided by the SAO/NASA Astrophysics Data System},
  adsurl        = {http://adsabs.harvard.edu/abs/2013MNRAS.432..967I},
  archiveprefix = {arXiv},
  doi           = {10.1093/mnras/stt519},
  eprint        = {1303.5258},
  keywords      = {stars: neutron, pulsars: general},
  primaryclass  = {astro-ph.HE},
}

@Article{gullon:14,
  author        = {{Gull{\'o}n}, M. and {Miralles}, J.~A. and {Vigan{\`o}}, D. and {Pons}, J.~A.},
  title         = {{Population synthesis of isolated neutron stars with magneto-rotational evolution}},
  journal       = {\mnras},
  year          = {2014},
  volume        = {443},
  pages         = {1891-1899},
  month         = sep,
  adsnote       = {Provided by the SAO/NASA Astrophysics Data System},
  adsurl        = {http://adsabs.harvard.edu/abs/2014MNRAS.443.1891G},
  archiveprefix = {arXiv},
  doi           = {10.1093/mnras/stu1253},
  eprint        = {1406.6794},
  keywords      = {stars: magnetic field, stars: neutron, pulsars: general},
  primaryclass  = {astro-ph.HE},
}

@Comment{jabref-meta: databaseType:bibtex;}
